  @misc{ wiki:vdw-1,
    author = "{Wikipedia contributors}",
    title = "{Van der Waals constants (data page) --- Wikipedia, The Free Encyclopedia}",
    year = "2019",
    howpublished = "\url{https://en.wikipedia.org/w/index.php?title=Van_der_Waals_constants_(data_page)&oldid=922496453}",
    note = "[Sarean; 2020ko apirilaren 9an kontsultatua]"
  }
  
  @book{metastable,
   title =     {Metastable liquids : concepts and principles},
   author =    {Pablo G Debenedetti},
   publisher = {Princeton University Press },
   isbn =      {0691085951,9780691085951},
   year =      {1996},
   series =    {Physical chemistry (Princeton, N.J.)},
   edition =   {},
   volume =    {},
   chapter = {2}
   }